@book{[1],
  author    = {Thompson, A. R. and Moran, J. M. and Swenson, G. W., Jr.},
  title     = {Interferometry and Synthesis in Radio Astronomy},
  year      = {2017},
  publisher = {Springer Cham}
}
@misc{[2],
  author       = {National Aeronautics and Space Administration Goddard Space Flight Center},
  title        = {Discovering the Electromagnetic Spectrum
},
  howpublished = {\url{https://imagine.gsfc.nasa.gov/science/toolbox/history_multiwavelength1.html}},
  note         = {Accessed: 07-30-2025},
  year         = {2013},
}
@misc{[3],
  author       = {Stierwalt, S. and Peck, A. and Braatz, J. and Bemis, A.},
  title        = {Introduction to Radio Interferometry},
  howpublished = {\url{https://science.nrao.edu/facilities/alma/naasc-workshops/nrao-cd-wm16/BasicsInterf_Madison.pdf}},
  note         = {Accessed: 07-30-2025},
  year         = {n.d.},
}
@unpublished{[4],
  author = {Burdorf, M.},
  title  = {Constructing an Unpolarized Radio Interferometry Simulation with Monochromatic Point Sources},
  note   = {Personal PDF provided by the author},
  year   = {2025}
}

@misc{[5],
  author       = {Astropy},
  title        = {SkyCoord},
  howpublished = {\url{https://docs.astropy.org/en/stable/api/astropy.coordinates.SkyCoord.html}},
  note         = {Accessed: 07-30-2025},
  year         = {n.d.},
}
@misc{[6],
  author       = {Astropy},
  title        = {EarthLocation},
  howpublished = {\url{https://docs.astropy.org/en/stable/api/astropy.coordinates.EarthLocation.html}},
  note         = {Accessed: 07-30-2025},
  year         = {n.d.},
}
@misc{[7],
  author       = {NumPy},
  title        = {numpy.array},
  howpublished = {\url{https://numpy.org/doc/stable/reference/generated/numpy.array.html}},
  note         = {Accessed: 07-30-2025},
  year         = {n.d.},
}
@article{[8],
  author    = {Cotton, W. D. and Mauch, T.},
  title     = {Correction of Radio Interferometric Imaging for Antenna Patterns},
  journal   = {The Astronomical Society of the Pacific},
  year      = {2021},
  volume    = {133},
}
@misc{[9],
  author       = {Edmund Optics},
  title        = {Introduction to Polarization},
  howpublished = {\url{https://www.edmundoptics.com/knowledge-center/application-notes/optics/introduction-to-polarization/?srsltid=AfmBOoqReFnPZJAxIR47SbHqfHXAViwYTPsxa6n-AHYw3IA140f886kW#}},
  note         = {Accessed: 07-30-2025},
  year         = {n.d.},
}
@misc{[10],
  author       = {Bai, X.},
  title        = {Radio Interferometry },
  howpublished = {\url{https://www.astro.princeton.edu/~gk/AST542/xuening.pdf}},
  note         = {Accessed: 07-30-2025},
  year         = {2011},
}
@article{[11],
  author    = {Parsons, A. R. and Backer, D. C.},
  title     = {Calibration of Low-Frequency, Wide-Field Radio Interferometers Using Delay/Delay-Rate Filtering},
  journal   = {The Astronomical Journal},
  year      = {2009},
  volume    = {138},
}
@misc{[12],
  author       = {Schinzel, F.},
  title        = {Introduction to Radio Interferometry},
  howpublished = {\url{https://science.nrao.edu/science/meetings/2018/toronto18/Intro_Interferometry.pdf}},
  note         = {Accessed: 07-30-2025},
  year         = {2018},
}

